4544 5828
1267 508 1546 626 ..42-

840 648 1904 831 'luuntuouttttttst'tt

1325 908 1490 978 ouuo

1051 1058 1758 1141 llOLO'l'llUlllllA

1281 1252 1528 1273 Q

1155 1382 1298 1459 fundu
1326 1385 1657 1461 ttosornutusn

719 1553 994 1630 llolotltoriarom
1033 1549 1154 1655 species
1191 1548 1299 1623 variae
1335 1567 1368 1623 et
1394 1577 1587 1626 numerosae
1610 1576 1630 1624 a
1654 1547 1904 1649 dilgeuttniuo
1928 1568 1962 1631 et
1983 1552 2193 1653 machi-o

618 1695 798 1773 Mettensio
836 1696 870 1770 iu
907 1694 997 1770 orbis
1028 1712 1190 1769 terrarum
1221 1691 1551 1793 circumnavigatioue
1577 1695 1667 1768 rivae
1692 1691 1895 1783 observatae,
1933 1714 1966 1772 et
1990 1724 2058 1773 non
2082 1696 2192 1777 mlum

616 1841 707 1944 quod
724 1840 766 1915 ad
784 1858 951 1915 externam
965 1856 997 1913 et
1011 1837 1172 1912 iuteruam
1186 1853 1383 1911 structuram
1398 1834 1592 1939 descriptae,
1610 1833 1780 1911 sedetiam
1794 1833 1907 1935 figutis
1919 1836 2193 1917 exoellentiasimis

617 1985 660 2060 ad
679 1984 749 2058 rira
767 1981 918 2057 animalia
940 1979 1078 2083 depictis
1097 1976 1291 2068 ithumae,
1318 1995 1440 2052 tantam
1458 1975 1606 2053 offerunt
1618 1978 1799 2053 formarum
1813 1977 2048 2073 diversitatem,
2072 1999 2110 2057 ut
2122 1980 2194 2057 llo·

616 2121 838 2200 lothuriarum
863 2122 1004 2198 familiae
1029 2120 1145 2195 reu-isio
1171 2120 1347 2195 resumatis
1372 2119 1549 2193 rideretur.
1589 2120 1701 2220 Quam
1725 2119 1771 2195 ob
1788 2148 1860 2195 tem
1877 2119 1993 2197 sedulo
2011 2122 2194 2227 perpensis,

616 2294 702 2370 quae
725 2264 924 2341 lllerteusius
942 2265 1109 2338 annotarit
1127 2282 1160 2337 et
1178 2261 1356 2339 delineavit
1374 2262 1608 2365 inspectisque,
1632 2281 1796 2365 quantum
1815 2260 1885 2339 lieri
1909 2282 2037 2366 poterat
2059 2264 2193 2372 objectis

617 2410 819 2503 numerosis,
847 2435 929 2512 quae
963 2408 997 2483 iu
1029 2406 1156 2509 liquore
1186 2384 1310 2482 serrata
1341 2434 1380 2480 er
1407 2403 1579 2481 itineribus
1604 2403 1729 2495 retulit,
1768 2434 1828 2483 uec
1852 2434 1921 2483 nou
1945 2435 2028 2511 quae
2051 2409 2095 2486 ab
2120 2408 2195 2489 aliis

616 2552 697 2626 eiris
719 2552 823 2627 doctis
847 2552 1015 2655 proposita
1051 2568 1132 2625 suut
1170 2548 1204 2625 iu
1242 2576 1341 2624 nsunt
1373 2547 1511 2639 uocatis,
1548 2575 1667 2625 noram
1706 2577 1892 2655 proponere
1916 2548 2192 2633 llolothuriarum

620 2692 814 2770 diuisionem
841 2722 929 2769 nuuc
951 2691 1122 2769 audemus.

715 2837 827 2939 Ipsius
865 2854 976 2912 sotem
1014 2832 1254 2911 distributionis
1291 2831 1490 2937 principium
1523 2832 1691 2937 apedum
1717 2834 1899 2939 praesentia
1922 2854 1956 2913 et
1979 2834 2193 2941 dispositione

617 2972 667 3049 rel
704 3001 744 3049 ex
778 2977 924 3052 absentia
961 3007 1073 3053 eorum
1107 2978 1287 3080 petendum
1321 3005 1388 3051 esse
1419 2994 1594 3080 potamos,
1631 2976 1826 3054 senteutiam
1851 2976 1999 3071 Curieri,
2022 2978 2192 3059 filicissimi

616 3144 794 3223 corporum
826 3118 1027 3195 naturalium
1051 3119 1268 3223 indagptoris,
1304 3118 1446 3219 sequuti.
1495 3117 1609 3192 Motus
1633 3118 1723 3195 euim
1750 3118 1830 3193 rarii
1855 3120 2066 3213 amimalium,
2088 3122 2191 3227 quia

615 3258 742 3364 pedum
767 3262 894 3339 ratione
919 3289 1037 3361 magua
1061 3290 1101 3336 er
1127 3279 1220 3365 parte
1245 3262 1425 3337 neeesurio
1449 3258 1591 3363 pendere
1615 3259 1754 3353 debent,
1778 3260 2038 3365 unaquoque
2062 3262 2192 3341 vivendi

616 3406 745 3509 generis
781 3405 1019 3483 moderationes
1056 3404 1191 3505 gignere
1227 3400 1486 3505 animaliumque
1523 3398 1763 3507 physiologiam
1795 3401 1870 3505 plus
1894 3403 2041 3479 minusve
2065 3420 2194 3479 motare

617 3546 769 3627 &illisne
805 3568 854 3625 est
890 3547 1070 3625 intellectu·
1133 3546 1247 3644 Quare
1285 3544 1383 3620 etiam
1420 3546 1511 3647 sigua
1548 3570 1567 3617 e
1596 3542 1720 3647 pedum
1756 3544 1882 3623 ratione
1917 3546 2068 3625 desomta
2104 3546 2194 3619 uotis

616 3716 636 3763 e
659 3691 804 3795 corporis
829 3691 931 3766 sorma
957 3689 1163 3792 depromptis
1188 3688 1399 3793 praeferenda
1425 3715 1493 3765 eote
1517 3704 1667 3791 apparet.

715 3829 827 3909 Dividi
857 3852 967 3909 autem
997 3850 1136 3935 possunt
1167 3828 1387 3907 llolntlruriae
1417 3827 1564 3933 primum
1589 3827 1727 3933 quidem
1750 3828 1787 3909 in
1812 3827 1963 3908 Pedum
1986 3843 2019 3901 et
2053 3829 2194 3925 Mer.

1196 3995 1224 4074 l.
1273 3995 1301 4068 P
1320 3995 1349 4071 E
1367 3994 1399 4068 D
1419 3995 1451 4071 Δ
1469 3995 1501 4069 Τ
1520 3995 1554 4070 A
1571 3992 1614 4073 Ε.

697 4134 823 4213 'Pedes
847 4136 922 4239 plus
946 4137 1094 4214 minusve
1111 4135 1252 4226 uoluti,
1277 4135 1368 4212 vario
1386 4134 1487 4211 modo
1510 4136 1663 4239 dispositi

614 4274 757 4357 Petita
781 4275 998 4357 llolothttriae
1022 4280 1170 4383 disjungi
1194 4296 1336 4382 possunt
1359 4279 1394 4355 in
1419 4275 1655 4374 Hono'ropodes
1678 4297 1713 4357 et
1734 4278 1965 4375 Hercopdes

1117 4466 1162 4543 Α.
1212 4462 1678 4541 llOMOIOPODES.

715 4623 818 4700 Pedes
851 4623 943 4727 qood
971 4624 1015 4700 ad
1044 4626 1184 4703 l'ornsam
1214 4648 1414 4706 structuram
1447 4648 1480 4705 et
1510 4628 1653 4733 figuram
1677 4624 1839 4730 aequales.
1857 4669 1908 4687 -
1950 4624 2191 4735 Respirttioa'n

614 4792 738 4867 organa
761 4765 885 4841 evoluta
912 4766 1303 4869 (Dendropoeumoues).
1328 4768 1378 4846 rel
1404 4797 1474 4848 nott
1497 4768 1627 4848 evoluta
1661 4769 1944 4873 (sputum).
