4544 5828
829 1609 1325 1707 PRAEFATIO.

288 1899 366 2020 Ex
392 1906 498 2020 orltia
523 1947 717 2014 terrarum
736 1926 1139 2046 circumnavigatione
1160 1928 1411 2045 Imperatoris
1436 1930 1543 2044 jussu
1562 1931 1662 2018 duce
1690 1894 1861 2023 Nobilio·

288 2085 395 2175 eimo
413 2101 530 2202 atque
549 2081 816 2168 illustrissimo
836 2082 981 2166 Lu'tkio
1002 2083 1177 2168 instituta
1197 2114 1282 2167 non
1296 2080 1425 2166 solum
1439 2083 1688 2202 geographia,
1705 2090 1862 2177 nautico

290 2260 329 2328 et
347 2239 573 2359 plantarum
590 2237 789 2354 cognitio,
812 2235 880 2320 sed
902 2235 1020 2321 etiam
1040 2237 1213 2357 zoologia
1235 2237 1403 2320 maxima
1423 2238 1527 2354 cepit
1542 2208 1806 2329 incrementa.

401 2391 518 2504 Quod
533 2391 582 2476 ad
595 2389 814 2508 zoologiam
826 2389 1031 2505 hucusque
1045 2410 1199 2477 tantum
1211 2390 1502 2476 observationes
1516 2409 1554 2476 et
1567 2384 1863 2510 descriptiones,
1973 2457 1979 2467 -

290 2576 387 2664 quat
407 2543 687 2632 Nobilissimus
703 2542 922 2628 Kittlitzius
941 2544 991 2630 de
1009 2544 1145 2631 avibus
1159 2547 1202 2630 in
1218 2545 1351 2648 Chile,
1373 2546 1415 2630 in
1431 2545 1863 2636 Insulisssoninaimeu·

288 2700 415 2803 albus,
441 2697 766 2789 Cerolinensibua
785 2717 825 2783 et
841 2700 1058 2804 Marianis,
1083 2720 1208 2825 atque¹
1226 2702 1268 2786 in
1292 2701 1423 2786 Insula
1447 2703 1623 2791 Luconia
1648 2702 1863 2815 obeuntia

290 2858 336 2946 in
347 2856 589 2946 Academiae
608 2826 1877 2974 nostraeCommentariis(Memoiresd.Sav.etrang,'l'.ltetl1.)·
1923 2952 1962 2985 μ

291 3013 352 3102 vel
376 3015 421 3099 in
442 3010 530 3095 aliis
547 3005 703 3122 scriptis
722 3005 1048 3108 communicavit,
1075 3040 1254 3094 necnon
1273 3027 1461 3093 tractatus
1480 3040 1501 3093 a
1522 3007 1623 3093 beat.
1646 3008 1864 3096 Mertenaio

289 3167 339 3252 de
363 3160 623 3279 Oicopleura,
647 3158 697 3242 de
721 3156 915 3243 Planariia
936 3177 977 3244 et
997 3160 1229 3247 Beroidibus
1248 3160 1456 3277 compositi
1475 3161 1558 3277 pari
1578 3161 1697 3247 modo
1716 3163 1866 3248 Acade·
1954 3184 1959 3195 ’

291 3328 395 3416 miae
414 3340 573 3410 nostrae
593 3317 899 3404 Commentariis
918 3320 1152 3432 (llldmoires
1171 3320 1222 3407 de
1236 3313 1383 3406 l'Acad.
1400 3318 1542 3438 lmpdr.
1558 3321 1597 3406 d.
1613 3323 1672 3408 St.
1688 3321 1862 3409 Petertlt.

293 3482 400 3569 vl*
418 3477 529 3567 serie
547 3475 600 3562 Τ.
619 3475 650 3560 1.
670 3492 709 3559 et
728 3473 800 3584 11.)
820 3472 954 3557 inserti
975 3472 1019 3557 in
1038 3471 1239 3589 publicum
1260 3473 1503 3590 prodierunt.
1537 3458 1866 3559 ι’11111111111111611
1952 3526 1959 3535 -

295 3634 426 3723 adhuc
450 3647 603 3749 praeter
627 3624 780 3710 labores
806 3621 857 3708 ab
883 3624 943 3709 111.
967 3643 1007 3708 et
1031 3624 1163 3712 Nobil.
1195 3626 1559 3741 Kittlitzioanagna
1589 3654 1634 3707 ex
1659 3640 1768 3739 parte
1786 3624 1875 3751 jam*
1958 3668 1961 3675 ·

294 3802 514 3877 transactos
532 3799 572 3866 et
590 3811 680 3863 mox
699 3779 974 3894 expectandos,
994 3778 1161 3864 maxima
1174 3776 1492 3864 observationum
1512 3806 1635 3893 parsa
1650 3775 1867 3863 Mertensio

294 3941 503 4038 laetarum,
530 3966 697 4053 quarum
716 3929 1022 4049 publicationem
1041 3951 1284 4050 praematura
1306 3934 1388 4048 ejus
1405 3962 1513 4016 mors
1532 3929 1752 4046 impedivit,
1772 3961 1869 4048 qua·

297 4122 464 4214 rumque
494 4090 612 4177 editio
642 4089 720 4203 jam
739 4085 817 4170 fine
837 4086 933 4172 anni
956 4087 1057 4172 1831
1081 4086 1131 4171 ab
1149 4085 1368 4173 Academia
1387 4082 1486 4169 mihi
1506 4099 1564 4167 est
1583 4080 1806 4168 commissa.
1906 4090 1910 4101 ¹

433 4245 570 4357 Quum
600 4273 690 4328 vero
718 4239 806 4325 libri
826 4239 1010 4325 nonnulli
1030 4239 1206 4326 ulteriori
1226 4235 1482 4326 elaborationi
1500 4234 1708 4320 necessarii
1728 4231 1868 4320 biblio·

299 4395 438 4483 thecae
456 4413 615 4481 nostrae
633 4394 845 4480 deficerent
864 4410 1021 4509 etopus
1042 4393 1286 4511 zoologicum
1305 4393 1348 4476 in
1367 4388 1583 4476 Germania
1602 4389 1801 4506 inceptum
1817 4385 1867 4471 ad

298 4546 421 4634 finem
443 4549 736 4663 perducendum
761 4566 860 4634 esset
883 4576 964 4663 quo
987 4581 1052 4635 me
1071 4548 1280 4635 honorarit
1298 4542 1458 4664 negotio
1477 4542 1688 4628 Academia
1706 4568 1869 4626 omnem

300 4727 463 4816 operam
480 4699 706 4819 impendere
726 4702 858 4789 atatim
877 4732 963 4786 non
980 4703 1103 4819 potui.
