4544 5828
1005 455 1380 570 .-r-

345 682 351 692 ’
511 704 520 719 “
614 686 736 774 Auno
761 648 1022 800 praeterlapso
1048 708 1138 762 rero
1157 675 1263 761 band
1285 704 1443 796 parram
1464 674 1695 762 animalium
1715 676 1888 794 copiam,
1922 708 2046 797 quam

475 840 720 934 blertensius
750 836 1018 923 observaverat
1050 852 1087 916 et
1119 865 1163 915 ex
1195 806 1301 948 parte
1332 829 1390 915 rel
1415 831 1559 915 siccam
1591 830 1649 914 rel
1680 829 1829 948 liquore
1853 840 2047 918 serratam

476 1004 662 1093 retulerat
690 1015 728 1081 et
751 993 990 1079 nominatim
1018 989 1175 1106 quidem
1203 988 1373 1104 l‘olypos
1399 1006 1435 1073 et
1461 987 1819 1095 Echinodermate,
1848 1021 1923 1078 nec
1946 1023 2046 1095 nou,

478 1187 579 1276 quae
597 1148 818 1248 restabant,
839 1143 1058 1259 Aruleplras
1077 1143 1236 1226 deliniri
1256 1161 1294 1224 et
1314 1140 1362 1224 ad
1383 1140 1562 1225 ordinem
1583 1140 1725 1259 redegi.

605 1306 737 1415 Quare
767 1331 817 1384 ne
844 1296 1054 1414 publicatio
1082 1293 1373 1409 impedimentis
1400 1290 1506 1376 lruud
1532 1293 1720 1378 evitandis
1745 1295 1937 1381 retardata
1963 1295 2049 1380 diu·

478 1463 556 1548 tius
575 1456 804 1576 proseratur,
825 1451 955 1537 forsan
976 1447 1081 1533 lraud
1102 1448 1401 1532 incommodum
1421 1447 1493 1531 erit
1510 1479 1619 1531 nunc
1639 1449 1796 1565 quidem
1815 1451 1891 1536 acti
1905 1449 2074 1579 laboris·

476 1616 674 1737 epitomen
695 1607 899 1693 l‘rodromi
920 1603 1034 1689 titulo
1052 1601 1360 1687 communicare.

616 1765 809 1881 Magnum
840 1758 1027 1876 temporis
1046 1757 1236 1872 spatium,
1255 1754 1361 1871 quod
1387 1753 1553 1871 insignis
1578 1754 1790 1873 figurarum
1815 1756 1873 1841 rel
1893 1756 1943 1843 ab
1962 1758 2051 1876 ipso

476 1916 698 2006 lllerteusio
721 1914 938 2000 artesrciose
961 1910 1247 1994 delineatarum
1272 1906 1330 1990 rel
1355 1938 1376 1990 a
1405 1904 1597 1990 Postelsio
1621 1907 1766 1995 comite
1788 1908 1870 2021 ejus
1888 1906 2049 1995 babilis·

475 2071 578 2157 simo
602 2068 805 2187 ingeniose
829 2065 878 2149 ad
905 2082 1088 2147 naturam
1112 2060 1304 2147 laetorum
1324 2060 1588 2144 multitudinis
1606 2059 1820 2176 publicatio
1836 2065 1881 2151 iu
1899 2065 2051 2153 Acade·

476 2224 580 2309 miae
603 2241 760 2310 nostrae
787 2217 1094 2305 t'ommentariis
1117 2217 1354 2332 expectanda
1374 2216 1557 2332 requirit,
1591 2212 1710 2301 talem
1729 2219 1888 2335 quidem
1908 2222 2050 2341 agendi

292 2376 302 2399 ⁴
476 2381 672 2468 rationem
692 2379 858 2498 probare
879 2377 1071 2461 ridentur.
1117 2375 1256 2487 Qualis
1274 2395 1405 2461 autem
1424 2377 1473 2459 sit
1495 2374 1639 2462 laboris
1657 2379 1828 2466 ambitus
1846 2400 1884 2468 et
1903 2407 2051 2504 quanta

476 2535 638 2624 iconum
655 2534 774 2621 series
793 2531 934 2650 partim
953 2561 974 2613 e
990 2547 1202 2644 conspectu
1222 2526 1399 2612 laborum
1419 2529 1654 2617 Academiae
1672 2562 1780 2619 anno
1803 2534 1909 2655 1829
1921 2556 2051 2624 trans·

445 2706 678 2813 ¹aeneum,
716 2687 861 2802 partim
895 2716 986 2770 uero
1023 2716 1067 2768 ex
1102 2681 1160 2766 lll.
1192 2701 1230 2767 et
1254 2680 1360 2766 Nob.
1387 2679 1601 2768 Ferussacii
1622 2689 2052 2780 communicationibus

380 2922 390 2937 .
475 2838 670 2943 innottffi
704 2871 827 2959 quare
857 2872 967 2926 nunc
992 2838 1150 2957 quidem
1177 2838 1220 2921 in
1239 2837 1472 2922 memoriam
1491 2835 1597 2921 baud
1617 2841 1834 2927 revocanda
1855 2842 2052 2933 ridentur.

411 2978 416 2983 ⁴
476 2994 556 3085 Sed
584 2992 635 3081 de
664 2992 873 3091 methodo,
907 3025 1027 3111 quam
1057 2993 1100 3077 in
1129 2988 1379 3076 elaborandis
1406 2989 1746 3079 observationibus
1772 2995 2051 3081 lllerteusiauis

476 3167 634 3239 secutus
663 3181 752 3235 sum
777 3180 901 3264 pauca
925 3147 1156 3264 exponenda
1178 3164 1314 3248 erunt,
1338 3163 1382 3230 ut
1401 3144 1524 3231 cniris
1542 3163 1691 3262 pateat,
1714 3177 1815 3265 quae
1833 3148 1938 3234 illius
1954 3149 2050 3256 sint,

476 3332 655 3422 quaeque
673 3302 722 3387 ad
741 3302 933 3388 editdrem
951 3301 1189 3418 pertineant.

506 3488 512 3499 ·
604 3458 799 3544 Omnium
830 3455 1062 3541 animalium
1088 3454 1452 3572 pertractandorum
1477 3455 1760 3573 descriptiones
1784 3490 1806 3543 a
1832 3458 2050 3548 blertensio

478 3608 614 3728 lingua
646 3612 871 3730 germanica
904 3628 999 3695 sont
1027 3608 1223 3694 exhibitae
1255 3627 1294 3694 et
1318 3642 1409 3695 enm
1435 3609 1568 3727 figuris
1592 3609 1635 3695 in
1653 3609 1829 3730 singulos
1847 3607 2052 3698 fasciculos

478 3761 666 3851 collectae
683 3763 961 3871 inveniuntur3
979 3759 1088 3847 baud
1105 3772 1196 3847 raro
1210 3779 1340 3848 autem
1354 3760 1475 3847 nimis
1489 3760 1623 3847 breres
1635 3779 1823 3881 apparent
1839 3778 1877 3845 et
1888 3760 2051 3849 ieonum

477 3912 797 4031 objectorumque
811 3914 1026 4002 relatorum
1040 3949 1116 4031 ope
1126 3912 1478 4030 suntsnppleudae.
1493 3914 2051 4034 Taliaquidemsupplementa

479 4069 632 4157 etiamsi
661 4099 747 4155 uon
770 4099 925 4185 semper
949 4067 1110 4182 objectis
1133 4100 1156 4152 a
1183 4067 1402 4153 lllertensio
1426 4068 1575 4168 relatis,
1602 4071 1669 4156 sed
1695 4067 1894 4154 interdurn
1915 4069 2053 4187 figuris

478 4239 632 4309 tautum
651 4221 831 4308 nitantur
848 4255 896 4307 eo
914 4222 1042 4339 magis
1059 4219 1263 4338 probabis,
1281 4223 1315 4307 si
1334 4223 1526 4343 principia
1545 4225 1742 4342 respicies,
1760 4253 1862 4341 qnae
1876 4223 2050 4309 Metten-

479 4375 563 4463 sius
589 4374 635 4461 in
660 4372 919 4461 conficiendis
950 4374 1131 4463 iconibus
1159 4395 1316 4463 secutus
1351 4397 1410 4465 est
1435 4377 1505 4493 (cl.
1535 4379 1661 4463 Mem·
1688 4376 1726 4462 d.
1752 4374 1900 4463 l’rlcad.
1920 4376 1973 4464 T·
1996 4377 2051 4462 ll.

478 4561 518 4645 p.
536 4527 652 4638 503)
689 4525 751 4613 Ad
770 4526 1033 4642 designandas
1051 4528 1226 4647 singulas
1244 4529 1476 4617 animalium
1495 4527 1640 4617 lormas
1660 4528 1901 4615 Mertensius
1919 4528 2053 4646 singur-

479 4676 527 4764 lis
563 4679 921 4795 manuscriptorum
956 4681 1057 4769 loliis
1088 4715 1238 4770 nomen
1267 4687 1512 4806 genericum,
1548 4684 1728 4770 nominis
1755 4682 1928 4801 specibci
1958 4680 2049 4771 loco
